@article{greaves2015regional,
  title={Regional Differences and Similarities in the Personality of New Zealanders.},
  author={Greaves, Lara M and Cowie, Lucy J and Fraser, Gloria and Muriwai, Emerald and Huang, Yanshu and Milojev, Petar and Osborne, Danny and Sibley, Chris G and Zdrenka, Marco and Bulbulia, Joseph and others},
  journal={New Zealand Journal of Psychology},
  volume={44},
  number={1},
  year={2015}
}

@inproceedings{luo2016online,
  title={From online behaviors to offline retailing},
  author={Luo, Ping and Yan, Su and Liu, Zhiqiang and Shen, Zhiyong and Yang, Shengwen and He, Qing},
  booktitle={Proceedings of the 22nd ACM SIGKDD International Conference on Knowledge Discovery and Data Mining},
  pages={175--184},
  year={2016},
  organization={ACM}
}

@misc{merriman1999method,
  title={Method of delivery, targeting, and measuring advertising over networks},
  author={Merriman, Dwight Allen and O'connor, Kevin Joseph},
  year={1999},
  month=sep # "~7",
  publisher={Google Patents},
  note={US Patent 5,948,061}
}

@inproceedings{freno2015one,
  title={One-pass ranking models for low-latency product recommendations},
  author={Freno, Antonino and Saveski, Martin and Jenatton, Rodolphe and Archambeau, C{\'e}dric},
  booktitle={Proceedings of the 21th ACM SIGKDD International Conference on Knowledge Discovery and Data Mining},
  pages={1789--1798},
  year={2015},
  organization={ACM}
}

@article{kosinski2013private,
  title={Private traits and attributes are predictable from digital records of human behavior},
  author={Kosinski, Michal and Stillwell, David and Graepel, Thore},
  journal={Proceedings of the National Academy of Sciences},
  volume={110},
  number={15},
  pages={5802--5805},
  year={2013},
  publisher={National Acad Sciences}
}

@article{matz2017psychological,
  title={Psychological targeting as an effective approach to digital mass persuasion},
  author={Matz, SC and Kosinski, M and Nave, G and Stillwell, DJ},
  journal={Proceedings of the National Academy of Sciences},
  pages={201710966},
  year={2017},
  publisher={National Acad Sciences}
}

@article{cadwalladr2018revealed,
  title={Revealed: 50 million Facebook profiles harvested for Cambridge Analytica in major data breach},
  author={Cadwalladr, Carole and Graham-Harrison, Emma},
  journal={The Guardian},
  volume={17},
  year={2018}
}

@article{altman1992introduction,
  title={An introduction to kernel and nearest-neighbor nonparametric regression},
  author={Altman, Naomi S},
  journal={The American Statistician},
  volume={46},
  number={3},
  pages={175--185},
  year={1992},
  publisher={Taylor \& Francis}
}

@inproceedings{ho1995random,
  title={Random decision forests},
  author={Ho, Tin Kam},
  booktitle={Document analysis and recognition, 1995., proceedings of the third international conference on},
  pages={278--282},
  year={1995},
  organization={IEEE}
}

@article{tibshirani1996regression,
  title={Regression shrinkage and selection via the lasso},
  author={Tibshirani, Robert},
  journal={Journal of the Royal Statistical Society. Series B (Methodological)},
  pages={267--288},
  year={1996},
  publisher={JSTOR}
}

@article{hoerl1970ridge,
  title={Ridge regression: Biased estimation for nonorthogonal problems},
  author={Hoerl, Arthur E and Kennard, Robert W},
  journal={Technometrics},
  volume={12},
  number={1},
  pages={55--67},
  year={1970},
  publisher={Taylor \& Francis Group}
}

@article{de2015recovering,
  title={Recovering the number of clusters in data sets with noise features using feature rescaling factors},
  author={de Amorim, Renato Cordeiro and Hennig, Christian},
  journal={Information Sciences},
  volume={324},
  pages={126--145},
  year={2015},
  publisher={Elsevier}
}

@article{hochreiter1997long,
  title={Long short-term memory},
  author={Hochreiter, Sepp and Schmidhuber, J{\"u}rgen},
  journal={Neural computation},
  volume={9},
  number={8},
  pages={1735--1780},
  year={1997},
  publisher={MIT Press}
}

@article{o2002quantitative,
  title={A quantitative review of the comprehensiveness of the five-factor model in relation to popular personality inventories},
  author={O’Connor, Brian P},
  journal={Assessment},
  volume={9},
  number={2},
  pages={188--203},
  year={2002},
  publisher={Sage Publications Sage CA: Thousand Oaks, CA}
}

@inproceedings{lien2017taai,
  title={Predicting User’s Online Shopping Tendency During Shopping Holidays},
  author={Lien, Cheng You and Bai, Guo Jhen and Chen, Ting Rui and Chen, Hung Hsuan},
  booktitle={Technologies and Applications of Artificial Intelligence},
  year={2017}
}
